@inproceedings{b1,
  author       = {Ashish Vaswani and
                  Noam Shazeer and
                  Niki Parmar and
                  Jakob Uszkoreit and
                  Llion Jones and
                  Aidan N. Gomez and
                  Lukasz Kaiser and
                  Illia Polosukhin},
  editor       = {Isabelle Guyon and
                  Ulrike von Luxburg and
                  Samy Bengio and
                  Hanna M. Wallach and
                  Rob Fergus and
                  S. V. N. Vishwanathan and
                  Roman Garnett},
  title        = {Attention is All you Need},
  booktitle    = {Advances in Neural Information Processing Systems 30: Annual Conference
                  on Neural Information Processing Systems 2017, December 4-9, 2017,
                  Long Beach, CA, {USA}},
  pages        = {5998--6008},
  year         = {2017},
  url          = {https://proceedings.neurips.cc/paper/2017/hash/3f5ee243547dee91fbd053c1c4a845aa-Abstract.html},
  timestamp    = {Thu, 21 Jan 2021 15:15:21 +0100},
  biburl       = {https://dblp.org/rec/conf/nips/VaswaniSPUJGKP17.bib},
  bibsource    = {dblp computer science bibliography, https://dblp.org}
}

@article{b2,
  author       = {Keiron O'Shea and
                  Ryan Nash},
  title        = {An Introduction to Convolutional Neural Networks},
  journal      = {CoRR},
  volume       = {abs/1511.08458},
  year         = {2015},
  url          = {http://arxiv.org/abs/1511.08458},
  eprinttype    = {arXiv},
  eprint       = {1511.08458},
  timestamp    = {Mon, 13 Aug 2018 16:46:52 +0200},
  biburl       = {https://dblp.org/rec/journals/corr/OSheaN15.bib},
  bibsource    = {dblp computer science bibliography, https://dblp.org}
}
@article{b4,
  author       = {Meng{-}Hao Guo and
                  Tian{-}Xing Xu and
                  Jiang{-}Jiang Liu and
                  Zheng{-}Ning Liu and
                  Peng{-}Tao Jiang and
                  Tai{-}Jiang Mu and
                  Song{-}Hai Zhang and
                  Ralph R. Martin and
                  Ming{-}Ming Cheng and
                  Shi{-}Min Hu},
  title        = {Attention Mechanisms in Computer Vision: {A} Survey},
  journal      = {CoRR},
  volume       = {abs/2111.07624},
  year         = {2021},
  url          = {https://arxiv.org/abs/2111.07624},
  eprinttype    = {arXiv},
  eprint       = {2111.07624},
  timestamp    = {Tue, 10 May 2022 11:46:02 +0200},
  biburl       = {https://dblp.org/rec/journals/corr/abs-2111-07624.bib},
  bibsource    = {dblp computer science bibliography, https://dblp.org}
}
@inproceedings{b6,
  author       = {Simonyan, K. and Zisserman, A.},
  title        = {Very Deep Convolutional Networks for Large Scale Image Recognition},
  booktitle    = {Proceedings of the 3rd International Conference on Learning Representations (ICLR)},
  year         = {2014},
  url          = {https://proceedings.neurips.cc/paper/2017/hash/3f5ee243547dee91fbd053c1c4a845aa-Abstract.html},
  timestamp    = {Thu, 21 Jan 2021 15:15:21 +0100},
  biburl       = {https://dblp.org/rec/conf/nips/VaswaniSPUJGKP17.bib},
  bibsource    = {dblp computer science bibliography, https://dblp.org}
}
@incollection{b7,  
  author    = {Woo, S. and Park, J. and Lee, J.Y. and Kweon, I.S.},  
  title     = {CBAM: Convolutional Block Attention Module},  
  booktitle = {Lecture Notes in Computer Science (including subseries Lecture Notes in Artificial Intelligence and Lecture Notes in Bioinformatics)},  
  publisher = {Springer Verlag},  
  pages     = {3--19},  
  year      = {2018},  
  url       = {https://link.springer.com/chapter/10.1007/978-3-030-01234-2_1},  
  note      = {[Online; Accessed 14 April 2022]}  
}
@article{b8,  
  author    = {Park, J. and Woo, S. and Lee, J.-Y. and Kweon, I. S.},  
  title     = {BAM: Bottleneck Attention Module},  
  year      = {2018},  
  journal   = {arXiv preprint arXiv:1807.06514},
}
@article{b9,
  author    = {Roy, A. G. and Navab, N. and Wachinger, C.},
  title     = {Recalibrating Fully Convolutional Networks with Spatial and Channel “Squeeze and Excitation” Blocks},
  journal   = {IEEE Transactions on Medical Imaging},
  volume    = {38},
  number    = {2},
  pages     = {540--549}, 
  year      = {2018}, 
} 

@inproceedings{b13,  
  author    = {Wang, Q. and Wu, B. and Zhu, P. and Li, P. and Zuo, W. and Hu, Q.},  
  title     = {ECA-Net: Efficient Channel Attention for Deep Convolutional Neural Networks},  
  booktitle = {Proceedings of the IEEE Computer Society Conference on Computer Vision and Pattern Recognition},  
  year      = {2020}
}

@article{b16,  
  author    = {Wang, Xiaolong and Girshick, Ross and Gupta, Abhinav and He, Kaiming},  
  title     = {Non-local Neural Networks},  
  journal   = {arXiv preprint arXiv:1711.07971},  
  year      = {2017},  
  url       = {https://arxiv.org/abs/1711.07971},  
  doi       = {10.48550/arXiv.1711.07971} 
}
@inproceedings{b17,  
  author    = {Li, Xia and Zhong, Zhisheng and Wu, Jianlong and Yang, Yibo and Lin, Zhouchen and Liu, Hong},  
  title     = {Expectation-Maximization Attention Networks for Semantic Segmentation},  
  booktitle = {Proceedings of the International Conference on Computer Vision (ICCV)},  
  year      = {2019},  
  url       = {https://arxiv.org/abs/1907.13426}
}
@article{b18,  
  author    = {Hu, Jie and Shen, Li and Albanie, Samuel and Sun, Gang and Wu, Enhua},  
  title     = {Squeeze-and-Excitation Networks},  
  journal   = {arXiv preprint arXiv:1709.01507},  
  year      = {2018},  
  url       = {https://arxiv.org/abs/1709.01507},  
  note      = {Journal version of the CVPR 2018 paper, accepted by TPAMI}  
}
@article{b19,  
  author    = {Mia, Md Sohag and Hayat Arnob, Abu Bakor and Naim, Abdu and Voban, Abdullah Al Bary and Islam, Md Shariful},  
  title     = {ViTs are Everywhere: A Comprehensive Study Showcasing Vision Transformers in Different Domain},  
  journal   = {arXiv preprint arXiv:2310.05664},  
  year      = {2023},  
  url       = {https://arxiv.org/abs/2310.05664}
} 
@inproceedings{b20,  
  author    = {Yuan, Li and Chen, Yunpeng and Wang, Tao and Yu, Weihao and Shi, Yujun and Jiang, Zihang and Tay, Francis EH and Feng, Jiashi and Yan, Shuicheng},  
  title     = {Tokens-to-Token ViT: Training Vision Transformers from Scratch on ImageNet},  
  booktitle = {Proceedings of the International Conference on Computer Vision (ICCV)},  
  year      = {2021},  
  url       = {https://arxiv.org/abs/2101.11986}
}  
@article{b21,  
  author    = {Wen, Zhengyao and Lin, Wenzhong and Wang, Tao and Xu, Ge},  
  title     = {Distract Your Attention: Multi-Head Cross Attention Network for Facial Expression Recognition},  
  journal   = {Biomimetics},  
  volume    = {8},  
  number    = {2},  
  pages     = {199},  
  year      = {2023},  
  doi       = {10.3390/biomimetics8020199},  
  url       = {https://doi.org/10.3390/biomimetics8020199}
}  
